<?xml version="1.0" encoding="UTF-8"?><collection xmlns="http://www.loc.gov/MARC21/slim"><record><leader>00314nam--2200121-i-4500</leader><controlfield tag="001">000038361</controlfield><controlfield tag="002">20161230</controlfield><controlfield tag="005">20161230201041</controlfield><controlfield tag="008">060222s1000------------r-----000-0-eng-d</controlfield><datafield ind1=" " ind2=" " tag="080"><subfield code="a">550.8:553.495(042.3)</subfield></datafield><datafield ind1=" " ind2=" " tag="245"><subfield code="a">Regognition and evaluation of uraniferous areas</subfield></datafield><datafield ind1=" " ind2=" " tag="260"><subfield code="a">Vienna, Iaea, 1977. 295 P</subfield></datafield><datafield ind1=" " ind2=" " tag="852"><subfield code="a">43883</subfield></datafield></record></collection>